@Manual{gtktut,
  title = "GTK+ 2.0 Tutorial",
  author = "Gale, Tony and Main, Ian and {the GTK team}",
  organization = "The GNOME Project",
  note = "\url{http://library.gnome.org/devel/gtk-tutorial/stable/}"
}

@Manual{gtkmmtut,
  title = "Programming with gtkmm",
  author = "Cumming, Murray and others",
  note = "\url{http://www.gtkmm.org/docs/gtkmm-2.4/docs/tutorial/html/index.html}"
}

@Manual{gnomehig,
  title = "GNOME Human Interface Guidelines",
  author = "Benson, Calum and Elman, Adam and Nickell, Seth and Robertson, Colin z",
  note = "\url{http://library.gnome.org/devel/hig-book/}"
}

@Book{ggad,
  author = "Pennington, Havoc",
  title = "GTK+ / Gnome Application Development",
  publisher = "New Riders Publishing",
  year = "1999",
  note = "\url{http://developer.gnome.org/doc/GGAD/ggad.html}"
}

@Manual{gtktutmagy,
  author = "Nyírő, Balázs",
  title = "GTK tutorial - magyar fordítás",
  note = "\url{http://gtk.pergamen.hu/}"
}
