@Manual{gtktut,
  title = "GTK+ 2.0 Tutorial",
  author = "Gale, Tony and Main, Ian and {the GTK team}",
  organization = "The GNOME Project",
  note = "\url{http://library.gnome.org/devel/gtk-tutorial/stable/}"
}

@Manual{gtkref,
  title = "GTK+ 3 Reference Manual",
  organization = "The GNOME Project",
  note = "\url{http://developer.gnome.org/gtk3/stable/}"
}

@Manual{gtkmmtut,
  title = "Programming with gtkmm 3",
  author = "Cumming, Murray and others",
  organization = "The GNOME Project",
  note = "\url{http://developer.gnome.org/gtkmm-tutorial/unstable/}"
}

@Manual{pygtktut,
  title = "The Python GTK+ 3 Tutorial",
  organization = "Read the Docs project",
  note = "\url{http://python-gtk-3-tutorial.readthedocs.org}"
}

@Manual{gnomehig,
  title = "GNOME Human Interface Guidelines",
  author = "Benson, Calum and Elman, Adam and Nickell, Seth and Robertson, Colin z",
  note = "\url{http://library.gnome.org/devel/hig-book/}"
}

@Book{ggad,
  author = "Pennington, Havoc",
  title = "GTK+ / Gnome Application Development",
  publisher = "New Riders Publishing",
  year = "1999",
  note = "\url{http://developer.gnome.org/doc/GGAD/ggad.html}"
}

@Manual{gtktutmagy,
  author = "Nyírő, Balázs",
  title = "GTK tutorial - magyar fordítás",
  note = "\url{http://gtk.pergamen.hu/}"
}

@Manual{gnucodingstandards,
  title = "GNU Coding Standards",
  note = "\url{http://www.gnu.org/prep/standards/standards.html}"
}

@Manual{linuxcodingstyle,
  title = "Linux kernel coding style",
  note = "\url{http://www.kernel.org/doc/Documentation/CodingStyle}"
}

@Misc{fsftender2011,
  author = {FSF.hu Alapítvány},
  title = {Szabad Szoftver Pályázat 2011},
  howpublished = "\url{http://fsf.hu/2011/09/27/szabad-szoftver-palyazat-2011}"
}

@Manual{gnomea11yref,
  title = "GNOME Accessibility Developers Guide",
  note = "\url{http://developer.gnome.org/accessibility-devel-guide/stable/}"
}

@Manual{pythonlib,
  title = "The Python Standard Library",
  note = "\url{http://docs.python.org/py3k/library}"
}
