@Misc{szszi,
  title = {Szabad Szoftver Intï¿½zet},
  url = {http://www.szszi.hu/jog/#gpl}
}
